<collection xmlns="http://www.loc.gov/MARC21/slim"><record><leader>00864nam  2200253   450</leader><controlfield tag="001">237</controlfield><controlfield tag="003">http://montalegre.opacnet.com/OPAC/default.aspx?ContentAreaControl=ShowRegHoldings.ascx&amp;RegNo=16662</controlfield><datafield tag="095" ind1=" " ind2=" "><subfield code="a">PTBN00006585</subfield></datafield><datafield tag="100" ind1=" " ind2=" "><subfield code="a">20061013d1980    am y0pora010305  ba</subfield></datafield><datafield tag="101" ind1="1" ind2=" "><subfield code="a">por</subfield><subfield code="c">eng</subfield></datafield><datafield tag="102" ind1=" " ind2=" "><subfield code="a">PT</subfield></datafield><datafield tag="200" ind1="1" ind2=" "><subfield code="a">Artur dá espectáculo</subfield><subfield code="f">Alan Coren</subfield><subfield code="g">trad. Manuel Granjeio Crespo</subfield><subfield code="g">il. John Astrop</subfield></datafield><datafield tag="210" ind1=" " ind2=" "><subfield code="a">Lisboa</subfield><subfield code="c">Plátano</subfield><subfield code="d">cop. 1976</subfield></datafield><datafield tag="215" ind1=" " ind2=" "><subfield code="a">64 p.</subfield><subfield code="c">il.</subfield><subfield code="d">20 cm</subfield></datafield><datafield tag="225" ind1="2" ind2=" "><subfield code="a">&lt;As &gt;desnorteantes aventuras de Artur Oeste</subfield><subfield code="v">6</subfield></datafield><datafield tag="304" ind1=" " ind2=" "><subfield code="a">Tít. orig. : Klondike Arthur</subfield></datafield><datafield tag="606" ind1=" " ind2=" "><subfield code="a">Literatura juvenil</subfield></datafield><datafield tag="606" ind1=" " ind2=" "><subfield code="a">Westerns</subfield></datafield><datafield tag="675" ind1=" " ind2=" "><subfield code="a">087.5</subfield><subfield code="v">BN</subfield><subfield code="z">por</subfield></datafield><datafield tag="700" ind1=" " ind2="1"><subfield code="a">Coren</subfield><subfield code="b">Alan</subfield><subfield code="f">1938-</subfield></datafield><datafield tag="702" ind1=" " ind2="1"><subfield code="a">Crespo</subfield><subfield code="b">Manuel Granjeio</subfield><subfield code="c">pseud</subfield><subfield code="4">730</subfield></datafield><datafield tag="702" ind1=" " ind2="1"><subfield code="a">Astrop</subfield><subfield code="b">John</subfield><subfield code="4">440</subfield></datafield><datafield tag="801" ind1=" " ind2="0"><subfield code="a">PT</subfield><subfield code="b">Biblioteca Municipal de Montalegre</subfield><subfield code="g">RPC</subfield></datafield><datafield tag="856" ind1=" " ind2=" "><subfield code="u">locateMedia.asp?cod=20060510151920&amp;ext=jpg</subfield><subfield code="z">CAPA</subfield></datafield><datafield tag="909" ind1="&#9;" ind2=" "><subfield code="a">1</subfield></datafield><datafield tag="966" ind1=" " ind2=" "><subfield code="a">0008733</subfield><subfield code="l">BMM</subfield><subfield code="s">SJ 087.5 COR art 6</subfield></datafield></record></collection>